
@book{croix_class_1997,
	title = {The Class Struggle in the Ancient Greek World: From the Archaic Age to the Arab Conquests},
	isbn = {978-0-7156-1701-4},
	shorttitle = {The Class Struggle in the Ancient Greek World},
	pagetotal = {732},
	publisher = {Duckworth},
	author = {Croix, Geoffrey Ernest Maurice De Ste},
	date = {1997},
	langid = {english},
	note = {00002 
Google-Books-{ID}: \_9ZcSgAACAAJ},
	keywords = {Read!},
	file = {Croix - 1997 - The Class Struggle in the Ancient Greek World Fro.pdf:/Volumes/Marsh_Files/Zotero_Library/CroixG/Croix - 1997 - The Class Struggle in the Ancient Greek World Fro.pdf:application/pdf}
}

@online{li_renting_2016,
	title = {Renting property was just as difficult 2,000 years ago as it is now},
	url = {https://nypost.com/2016/10/05/renting-property-was-just-as-difficult-2000-years-ago-as-it-is-now/},
	abstract = {First and last month’s rent wasn’t Greek to these guys. Archaeologists unearthed what’s one of the oldest documented rental agreement – in the form of an extensive 2,200-year-old …},
	titleaddon = {New York Post},
	author = {Li, David K.},
	urldate = {2018-03-15},
	date = {2016-10-05},
	langid = {english},
	note = {00000},
	file = {Snapshot:/Users/marsh/Zotero/storage/HTSHFLNN/renting-property-was-just-as-difficult-2000-years-ago-as-it-is-now.html:text/html}
}

@online{dogan_news_agency_centuries-old_2016,
	title = {Centuries-old rental agreement unearthed in Turkey’s İzmir},
	url = {http://www.hurriyetdailynews.com/centuries-old-rental-agreement-unearthed-in-turkeys-izmir-104520},
	abstract = {Excavations that are ongoing in the ancient city of Teos in İzmir’s Seferihisar have unearthed a 2,200-year-old inscription, thought to be the most comprehensive rental agreement in Anatolian history.},
	titleaddon = {Hürriyet Daily News},
	author = {{Doğan News Agency}},
	urldate = {2018-03-15},
	date = {2016-10-04},
	langid = {english},
	note = {00000},
	file = {Snapshot:/Users/marsh/Zotero/storage/XRY9DUS5/centuries-old-rental-agreement-unearthed-in-turkeys-izmir-104520.html:text/html}
}