
@book{turgot_reflections_1898,
	location = {New York},
	edition = {1898},
	title = {Reflections on the formation and distribution of Wealth. (\textit{Réflexions sur la foration et lad distribution des richesses}), Translated from the French},
	url = {http://lf-oll.s3.amazonaws.com/titles/122/0530_Bk.pdf},
	pagetotal = {140},
	publisher = {The Macmillan Co.},
	author = {Turgot, Anne Robert Jacques (baron del'Aulne)},
	translator = {Ashley, Sir William James},
	date = {1898},
	langid = {english},
	note = {00000 
\{:original-date:1776\}},
	file = {TurgotA 1898 - Reflections on the formation and distribution of Wealth. (iRéflexions sur la.pdf:files/24241/TurgotA 1898 - Reflections on the formation and distribution of Wealth. (iRéflexions sur la.pdf:application/pdf}
}